@article{hall_1995, 
    title={Brew By The Numbers - Add Up What's In Your Beer}, 
    url={https://www.homebrewersassociation.org/attachments/0000/2497/Math_in_Mash_SummerZym95.pdf}, 
    journal={Zymurgy}, 
    author={Hall, Michael L}, 
    year={1995}, 
    volume={Summer},
    pages={54–61}
    }
@article{hall_1997, 
    title={What's Your IBU?}, 
    url={https://www.homebrewersassociation.org/attachments/0000/2501/IBUs.pdf}, 
    journal={Zymurgy}, 
    author={Hall, Michael L}, 
    year={1997}, 
    volume={Special},
    pages={54–67}
    }
@online{morey,
    year={2001},
    title={Beer's Law - Dan A. Morey},
    url={http://www.morebeer.com/brewingtechniques/beerslaw/morey.html},
    urldate={2017-02-11}
    }